@inproceedings{wiens2012patient,
  title={Patient risk stratification for hospital-associated c. diff as a time-series classification task},
  author={Wiens, Jenna and Horvitz, Eric and Guttag, John V},
  booktitle={Advances in Neural Information Processing Systems},
  pages={467--475},
  year={2012}
}

@inproceedings{wiens2014learning,
  title={Learning Data-Driven Patient Risk Str. jpegication Models for Clostridium difficile},
  author={Wiens, Jenna and Campbell, Wayne N and Franklin, Ella S and Guttag, John V and Horvitz, Eric},
  booktitle={Open forum infectious diseases},
  volume={1},
  number={2},
  year={2014},
  organization={Oxford University Press}
}

@inproceedings{wiens2012learning,
  title={Learning evolving patient risk processes for c. diff colonization},
  author={Wiens, Jenna and Guttag, John and Horvitz, Eric},
  booktitle={ICML Workshop on Machine Learning from Clinical Data},
  year={2012}
}

@article{oh2018generalizable,
  title={A Generalizable, Data-Driven Approach to Predict Daily Risk of Clostridium difficile Infection at Two Large Academic Health Centers},
  author={Oh, Jeeheh and Makar, Maggie and Fusco, Christopher and McCaffrey, Robert and Rao, Krishna and Ryan, Erin E and Washer, Laraine and West, Lauren R and Young, Vincent B and Guttag, John and others},
  journal={infection control \& hospital epidemiology},
  volume={39},
  number={4},
  pages={425--433},
  year={2018},
  publisher={Cambridge University Press}
}

@article{balkhair2014epidemiology,
  title={Epidemiology of multi-drug resistant organisms in a teaching hospital in oman: a one-year hospital-based study},
  author={Balkhair, Abdullah and Al-Farsi, Yahya M and Al-Muharrmi, Zakariya and Al-Rashdi, Raiya and Al-Jabri, Mansoor and Neilson, Fatma and Al-Adawi, Sara S and El-Beeli, Marah and Al-Adawi, Samir},
  journal={The Scientific World Journal},
  volume={2014},
  year={2014},
  publisher={Hindawi}
}

@article{hidron2008antimicrobial,
  title={Antimicrobial-resistant pathogens associated with healthcare-associated infections: annual summary of data reported to the National Healthcare Safety Network at the Centers for Disease Control and Prevention, 2006--2007},
  author={Hidron, Alicia I and Edwards, Jonathan R and Patel, Jean and Horan, Teresa C and Sievert, Dawn M and Pollock, Daniel A and Fridkin, Scott K and others},
  journal={Infection Control \& Hospital Epidemiology},
  volume={29},
  number={11},
  pages={996--1011},
  year={2008},
  publisher={Cambridge University Press}
}

@article{yokoe2014compendium,
  title={A compendium of strategies to prevent healthcare-associated infections in acute care hospitals: 2014 updates},
  author={Yokoe, Deborah S and Anderson, Deverick J and Berenholtz, Sean M and Calfee, David P and Dubberke, Erik R and Eilingson, Katherine D and Gerding, Dale N and Haas, Janet P and Kaye, Keith S and Klompas, Michael and others},
  journal={Infection Control \& Hospital Epidemiology},
  volume={35},
  number={S2},
  pages={S21--S31},
  year={2014},
  publisher={Cambridge University Press}
}

@article{stone2005economic,
  title={The economic impact of infection control: making the business case for increased infection control resources},
  author={Stone, Patricia W and Hedblom, Edwin C and Murphy, Denise M and Miller, Steven B},
  journal={American journal of infection control},
  volume={33},
  number={9},
  pages={542--547},
  year={2005},
  publisher={Elsevier}
}

@article{klevens2007estimating,
  title={Estimating health care-associated infections and deaths in US hospitals, 2002},
  author={Klevens, R Monina and Edwards, Jonathan R and Richards Jr, Chesley L and Horan, Teresa C and Gaynes, Robert P and Pollock, Daniel A and Cardo, Denise M},
  journal={Public health reports},
  volume={122},
  number={2},
  pages={160--166},
  year={2007},
  publisher={SAGE Publications Sage CA: Los Angeles, CA}
}

@article{magill2014multistate,
  title={Multistate point-prevalence survey of health care--associated infections},
  author={Magill, Shelley S and Edwards, Jonathan R and Bamberg, Wendy and Beldavs, Zintars G and Dumyati, Ghinwa and Kainer, Marion A and Lynfield, Ruth and Maloney, Meghan and McAllister-Hollod, Laura and Nadle, Joelle and others},
  journal={New England Journal of Medicine},
  volume={370},
  number={13},
  pages={1198--1208},
  year={2014},
  publisher={Mass Medical Soc}
}


@misc{actionplan,
  title = {National and State Healthcare Associated Infectious: Progress Report},
  howpublished = {\url{https://health.gov/hcq/pdfs/hai-action-plan-acute-care-hospitals.PDF}},
  note = {Accessed: 2018-11-17}
}


@misc{resistance,
  title = {Centers for Disease Control and Prevention. Antibiotic resistance threats in the United States, 2013. Atlanta, GA:US Department of Health and Human Services, CDC},
  howpublished = {\url{https://www.cdc.gov/drugresistance/biggest_threats.html}},
  note = {Accessed: 2018-11-17}
  year = {2013}
}




@misc{progress,
  title = {National and State Healthcare Associated Infectious: Progress Report},
  howpublished = {\url{https://www.cdc.gov/HAI/pdfs/progress-report/hai-progress-report.pdf}},
  note = {Accessed: 2018-11-17}
}



@misc{cdc,
  title = {Modeling Infectious Diseases in Healthcare Network (MInD - Healthcare), Center for Disease Control and Prevention},
  howpublished = {\url{https://www.cdc.gov/hai/research/MIND-Healthcare.html}},
  note = {Accessed: 2018-11-17}
}


@misc{hhs,
  title = {National action plan to prevent healthcare-associated infections: roadmap to elimination. Washington, DC: Department of Health and Human Services},
  howpublished = {\url{https://health.gov/hcq/prevent-hai.asp}},
  note = {Accessed: 2018-11-17}
}